<record><leader>00000nas a2200000 i 4500</leader><controlfield tag="001">878673279</controlfield><controlfield tag="006">m     o  d        </controlfield><controlfield tag="007">cr |||||||||||</controlfield><controlfield tag="008">140430d18681874wvuwr neo     0   a0eng  </controlfield><datafield ind1=" " ind2=" " tag="010"><subfield code="a">  2014218289</subfield></datafield><datafield ind1=" " ind2=" " tag="040"><subfield code="a">DLC</subfield><subfield code="b">eng</subfield><subfield code="e">rda</subfield><subfield code="c">DLC</subfield></datafield><datafield ind1="0" ind2=" " tag="022"><subfield code="a">2372-6741</subfield><subfield code="2">1</subfield></datafield><datafield ind1=" " ind2=" " tag="042"><subfield code="a">pcc</subfield><subfield code="a">nsdp</subfield></datafield><datafield ind1=" " ind2=" " tag="043"><subfield code="a">n-us-wv</subfield></datafield><datafield ind1="1" ind2="0" tag="050"><subfield code="a">ISSN RECORD</subfield></datafield><datafield ind1="0" ind2="0" tag="082"><subfield code="a">071</subfield><subfield code="2">23</subfield></datafield><datafield ind1="0" ind2=" " tag="130"><subfield code="a">Democrat (Weston, W. Va. : Online)</subfield></datafield><datafield ind1=" " ind2="4" tag="222"><subfield code="a">The democrat</subfield><subfield code="b">(Weston, W. Va. Online)</subfield></datafield><datafield ind1="1" ind2="4" tag="245"><subfield code="a">The democrat.</subfield></datafield><datafield ind1=" " ind2="1" tag="264"><subfield code="a">Weston, West Virginia. :</subfield><subfield code="b">Cozad &amp; Woffindin</subfield></datafield><datafield ind1=" " ind2=" " tag="300"><subfield code="a">1 online resource</subfield></datafield><datafield ind1=" " ind2=" " tag="310"><subfield code="a">Weekly</subfield></datafield><datafield ind1=" " ind2=" " tag="336"><subfield code="a">text</subfield><subfield code="b">txt</subfield><subfield code="2">rdacontent</subfield></datafield><datafield ind1=" " ind2=" " tag="337"><subfield code="a">computer</subfield><subfield code="b">c</subfield><subfield code="2">rdamedia</subfield></datafield><datafield ind1=" " ind2=" " tag="338"><subfield code="a">online resource</subfield><subfield code="b">cr</subfield><subfield code="2">rdacarrier</subfield></datafield><datafield ind1="1" ind2=" " tag="362"><subfield code="a">Began in 1868; ceased in Dec. 1874.</subfield></datafield><datafield ind1=" " ind2=" " tag="500"><subfield code="a">"It's the truth that hurts."</subfield></datafield><datafield ind1=" " ind2=" " tag="515"><subfield code="a">Continued the numbering of: Weston expositor.</subfield></datafield><datafield ind1=" " ind2=" " tag="588"><subfield code="a">Description based on: Vol. II, no. XXII (November 31 [i.e. 30], 1868); title from masthead (Chroniclingamerica.loc.gov, viewed April 30, 2014).</subfield></datafield><datafield ind1=" " ind2=" " tag="588"><subfield code="a">Latest issue consulted: Vol. VIII, no. 24 (December 21, 1874) (Chroniclingamerica.loc.gov, viewed April 30, 2014).</subfield></datafield><datafield ind1=" " ind2="0" tag="651"><subfield code="a">Weston (W. Va.)</subfield><subfield code="v">Newspapers.</subfield></datafield><datafield ind1=" " ind2="7" tag="651"><subfield code="a">West Virginia</subfield><subfield code="z">Weston.</subfield><subfield code="2">fast</subfield><subfield code="0">(OCoLC)fst01224827</subfield></datafield><datafield ind1=" " ind2="7" tag="655"><subfield code="a">Newspapers.</subfield><subfield code="2">fast</subfield><subfield code="0">(OCoLC)fst01423814</subfield></datafield><datafield ind1=" " ind2=" " tag="752"><subfield code="a">United States</subfield><subfield code="b">West Virginia</subfield><subfield code="c">Lewis</subfield><subfield code="d">Weston.</subfield></datafield><datafield ind1="0" ind2="8" tag="776"><subfield code="i">Originally issued in print:</subfield><subfield code="t">Democrat (Weston, W. Va.)</subfield><subfield code="x">2372-6733</subfield><subfield code="w">(DLC)sn 84026840</subfield><subfield code="w">(OCoLC)10694404</subfield></datafield><datafield ind1="0" ind2="1" tag="780"><subfield code="t">Weston expositor (Online)</subfield></datafield><datafield ind1="0" ind2="0" tag="785"><subfield code="t">Weston democrat (Online)</subfield></datafield><datafield ind1="4" ind2="0" tag="856"><subfield code="u">http://www.loc.gov/chroniclingamerica/lccn/sn84026840/issues</subfield></datafield></record>